@misc{simonyan2014deep,
    title={Very Deep Convolutional Networks for Large-Scale Image Recognition},
    author={Karen Simonyan and Andrew Zisserman},
    year={2014},
    eprint={1409.1556},
    archivePrefix={arXiv},
    primaryClass={cs.CV}
}

@article{Mallat_2016,
   title={Understanding deep convolutional networks},
   volume={374},
   ISSN={1471-2962},
   url={http://dx.doi.org/10.1098/rsta.2015.0203},
   DOI={10.1098/rsta.2015.0203},
   number={2065},
   journal={Philosophical Transactions of the Royal Society A: Mathematical, Physical and Engineering Sciences},
   publisher={The Royal Society},
   author={Mallat, St√©phane},
   year={2016},
   month={Apr},
   pages={20150203}
}


@incollection{NIPS2012_4824,
title = {ImageNet Classification with Deep Convolutional Neural Networks},
author = {Alex Krizhevsky and Sutskever, Ilya and Hinton, Geoffrey E},
booktitle = {Advances in Neural Information Processing Systems 25},
editor = {F. Pereira and C. J. C. Burges and L. Bottou and K. Q. Weinberger},
pages = {1097--1105},
year = {2012},
publisher = {Curran Associates, Inc.},
url = {http://papers.nips.cc/paper/4824-imagenet-classification-with-deep-convolutional-neural-networks.pdf}
}

@article{Rumelhart:1986we,
  added-at = {2019-05-21T10:10:49.000+0200},
  author = {Rumelhart, David E. and Hinton, Geoffrey E. and Williams, Ronald J.},
  biburl = {https://www.bibsonomy.org/bibtex/2a392597c4f9cff2cd3c96c2191fa1eb6/sxkdz},
  doi = {10.1038/323533a0},
  interhash = {c354bc293fa9aa7caffc66d40a014903},
  intrahash = {a392597c4f9cff2cd3c96c2191fa1eb6},
  journal = {Nature},
  keywords = {imported},
  number = 6088,
  pages = {533--536},
  timestamp = {2019-05-21T10:10:49.000+0200},
  title = {{Learning Representations by Back-propagating Errors}},
  url = {http://www.nature.com/articles/323533a0},
  volume = 323,
  year = 1986
}

@article{DBLP:journals/corr/GuWKMSSLWW15,
  author    = {Jiuxiang Gu and
               Zhenhua Wang and
               Jason Kuen and
               Lianyang Ma and
               Amir Shahroudy and
               Bing Shuai and
               Ting Liu and
               Xingxing Wang and
               Gang Wang},
  title     = {Recent Advances in Convolutional Neural Networks},
  journal   = {CoRR},
  volume    = {abs/1512.07108},
  year      = {2015},
  url       = {http://arxiv.org/abs/1512.07108},
  archivePrefix = {arXiv},
  eprint    = {1512.07108},
  timestamp = {Mon, 13 Aug 2018 16:49:11 +0200},
  biburl    = {https://dblp.org/rec/journals/corr/GuWKMSSLWW15.bib},
  bibsource = {dblp computer science bibliography, https://dblp.org}
}