@Manual{R-keras,
  title = {keras: R Interface to 'Keras'},
  author = {JJ Allaire and Fran√ßois Chollet},
  year = {2019},
  note = {R package version 2.2.5.0},
  url = {https://CRAN.R-project.org/package=keras},
}
@Manual{R-plumber,
  title = {plumber: An API Generator for R},
  author = {{Trestle Technology, LLC}},
  year = {2018},
  note = {R package version 0.4.6},
  url = {https://CRAN.R-project.org/package=plumber},
}
@Manual{R-rvest,
  title = {rvest: Easily Harvest (Scrape) Web Pages},
  author = {Hadley Wickham},
  year = {2019},
  note = {R package version 0.3.5},
  url = {https://CRAN.R-project.org/package=rvest},
}
